%@Misc{minimax,
%author = {Wikip√©dia},
%title = {Algorithme Minimax},
%note = {\url{https://fr.wikipedia.org/wiki/Algorithme_minimax}},
%}
